@book{Serfling1980,
	author = {Serfling, R. J.},
	title = {{Approximation Theorems of Mathematical Statistics}},
	edition = {1},
	publisher = {John Wiley \& Sons},
	address = {New York, NY, USA},
	year = {1980}
}

@article{Moore1977,
	author = {Moore, D. S.},
	title = {{Generalized inverses, Waldâ€™s method, and the construction of
	chi-squared tests of fit}},
	journal = {J Am Stat Assoc},
	volume = {72},
	number={357},
	pages = {131--137},
	year = {1977}
}

@incollection{Nashed1976:325,
	author =  {Nashed, M. Z.},
	title = {Perturbations and approximations for generalized inverses and linear operator equations},
	editor = {Nashed, M. Z.},
	booktitle = {{Generalized Inverses and Applications}},
	edition = {1},
	publisher = {Academic Press},
	address = {New York, NY, USA},
	year = {1976},
	pages = {325--396}
}

@article{Pearson1900,
	author = {Pearson, K. },
	title = {On the criterion that a given system of deviations from the probable in the case of a correlated system of variables is such that it can be reasonably supposed to have arisen from random sampling},
	journal = {The London, Edinburgh, and Dublin Philosophical Magazine and Journal of Science},
	volume = {50},
	number = {302},
	pages = {157--175},
	year  = {1900}
}

@article{CressieRead1984,
	author = {Cressie, N. and Read, T. R. C.},
	journal = {J R Stat Soc Series B Stat Methodol},
	number = {3},
	pages = {440--464},
	title = {Multinomial Goodness-of-Fit Tests},
	volume = {46},
	year = {1984}
}


@article{NatureMed2017,
	author = {Editorial},
	Date = {2017/10/06},
	journal = {Nat Med},
	M3 = {Editorial},
	Month = {10},
	pages = {1113},
	title = {Rationalizing combination therapies},
	volume = {23},
	year = {2017}
}


@article{Marchingo2016,
	author = {Marchingo, J. M. and Prevedello, G. and Kan, A. and Heinzel, S. and Hodgkin, P. D. and Duffy, K. R.},
	journal = {Nat Commun},
	pages = {13540},
	title = {T-cell stimuli independently sum to regulate an inherited clonal division fate},
	volume = {7},
	year = {2016}
}

@article {Marchingo2014,
	author = {Marchingo, J. M. and Kan, A. and Sutherland, R. M. and Duffy, K. R. and Wellard, C. J. and Belz, G. T. and Lew, A. M. and Dowling, M. R. and Heinzel, S. and Hodgkin, P. D.},
	title = {{Antigen affinity, costimulation, and cytokine inputs sum linearly to amplify T cell expansion}},
	volume = {346},
	pages = {1123--1127},
	year = {2014},
	journal = {Science}
}

@article{Hadi1990,
	author={Hadi, A. S.
	and Wells, M. T.},
	title={A note on generalized {W}ald's method},
	journal={Metrika},
	year={1990},
	volume={37},
	number={1},
	pages={309--315}
}

@book{HornJohnson1986,
	author = {Horn, R. A. and Johnson, C. R.},
	title = {{Matrix Analysis}},
	year = {1986},
	publisher = {Cambridge University Press},
	edition = {1},
	address = {New York, NY, USA}
}

@book{Cstar2000,
	author = {Hagen, R. and Roch, S. and Silbermann, B.},
	title = {{C* - Algebras and Numerical Analysis}},
	year = {2000},
	publisher = {CRC Press},
	address = {New York, NY, USA}
}

@article{MooreMihalko1980,
	author = {Mihalko, D. P. and Moore, D. S.},
	journal = {Ann Stat},
	number = {3},
	pages = {625--644},
	title = {{Chi-square tests of fit for type II censored data}},
	volume = {8},
	year = {1980}
}

@article{Moore1982,
	author = {Moore, D. S.},
	journal = {Ann Stat},
	number = {4},
	pages = {1163--1171},
	title = {{The effect of dependence on chi squared tests of fit}},
	volume = {10},
	year = {1982}
}

@article{MooreSpruill1975,
	author = {Moore, D. S. and Spruill, M. C.},
	journal = {Ann Stat},
	number = {3},
	pages = {599--616},
	title = {{Unified large-sample theory of general chi-squared statistics for tests of fit}},
	volume = {3},
	year = {1975}
}

@article{Wald1943,
	author = {Wald, A.},
	journal = {Trans Am Math Soc},
	number = {3},
	pages = {426--482},
	title = {Tests of Statistical Hypotheses Concerning Several Parameters When the Number of Observations is Large},
	volume = {54},
	year = {1943}
}

@article{Andrews1987,
	author={Andrews, D. W. K.},
	title={{Asymptotic results for generalized Wald tests}},
	volume={3}, 
	number={3},
	journal={Econ Theory},
	year={1987},
	pages={348--358}
}

@article{Vuong1987,
	title = {{Generalized inverses and asymptotic properties of Wald tests}},
	author = {Vuong, Q. H.},
	year = {1987},
	journal = {Econ Lett},
	volume = {24},
	number = {4},
	pages = {343--347}
}

@article{Andrews1988,
	author={Andrews, D. W. K.},
	title = {Chi-square diagnostic tests for econometric models: Introduction and applications},
	journal = {J Econom},
	volume = {37},
	number = {1},
	pages = {135--156},
	year = {1988}
}

@article{Zhang1999,
	author = {Zhang, B.},
	title = {A chi-squared goodness-of-fit test for logistic regression models based on case-control data},
	journal = {Biometrika},
	volume = {86},
	number = {3},
	pages = {531--539},
	year = {1999}
}

@article{WilsonKoehler1991,
	author = {Wilson, J. R. and Koehler, K. J.},
	title = {Hierarchical Models for Cross-Classified Overdispersed Multinomial Data},
	journal = {J Bus Econ Stat},
	volume = {9},
	number = {1},
	pages = {103--110},
	year  = {1991}
}

@article{Tyler1981,
	author = {Tyler, D. E.},
	journal = {Ann Stat},
	number = {4},
	pages = {725--736},
	title = {Asymptotic Inference for Eigenvectors},
	volume = {9},
	year = {1981}
}

@article{Drost1989,
	author = {Drost, F. C.},
	journal = {Ann Stat},
	number = {3},
	pages = {1285--1300},
	title = {Generalized Chi-Square Goodness-of-Fit Tests for Location-Scale Models when the Number of Classes Tends to Infinity},
	volume = {17},
	year = {1989}
}

@incollection{Vonta2008,
	booktitle	= {{Statistical Models and Methods for Biomedical and Technical Systems}},
	editor	= {Vonta, F. and Nikulin, M. and Limnios, N. and Huber-Carol, C.},
	author = {Voinov, V. and Roza, A. and Pya, N.},
	year	= {2008},
	title = {Recent Achievements in Modified Chi-Squared Goodness-of-Fit Testing},
	page	= {241--258}
}

@article{Eckart1936,
	author={Eckart, C. and Young, G.},
	title={The approximation of one matrix by another of lower rank},
	journal={Psychometrika},
	year={1936},
	volume={1},
	number={3},
	pages={211--218}
}

@book{Markovsky2012,
	author = {Markovsky, I.},
	title = {Low Rank Approximation: Algorithms, Implementation, Applications},
	publisher = {Springer},
	address = {Cambridge, UK},
	edition = {1},
	year = {2012}
}

@article{NivolumabIpilimumab2013,
	author = {Wolchok, J. D.  and  Kluger ,  H. and  Callahan ,  M. K.  and  Postow ,  M. A.  and  Rizvi ,  N. A.  and  Lesokhin ,  A. M.  and  Segal ,  N. H.  and  Ariyan ,  C. E.  and  Gordon ,  R.  and  Reed ,  K.  and  Burke ,  M. M.  and  Caldwell ,  A.  and  Kronenberg ,  S. A.  and  Agunwamba ,  B. U.  and  Zhang ,  X.  and  Lowy ,  I.  and  Inzunza ,  H. D.  and  Feely ,  W.  and  Horak ,  C. E.  and  Hong ,  Q.  and  Korman ,  A. J.  and  Wigginton ,  J. M.  and  Gupta ,  A.  and  Sznol ,  M.},
	title = {{Nivolumab plus Ipilimumab in advanced melanoma}},
	journal = {N Engl J Med},
	volume = {369},
	number = {2},
	pages = {122--133},
	year = {2013}
}

@article{Andersen1974,
	author = {Andersen, A. H.},
	journal = {Scandinavian Journal of Statistics},
	number = {3},
	pages = {115--127},
	title = {Multidimensional Contingency Tables},
	volume = {1},
	year = {1974}
}

@book{Bishop2007,
	title={Discrete Multivariate Analysis: Theory and Practice},
	author={Bishop, Y. M. and Fienberg, S. E. and Holland, P. W.},
	year={2007},
	address = {New York, NY, USA},
	edition = {1},
	publisher={Springer}
}

@article{Hamedani2013,
	author = {Hamedani, G. G.},
	journal = {Communications in Statistics -- Theory and Methods},
	number = {3},
	pages = {3615--3638},
	title = {Sub-Independence: An Expository Perspective},
	volume = {42},
	year = {2013}
}